<record xmlns='http://www.loc.gov/MARC21/slim'><leader>01234cim a22003252u 4500</leader><controlfield tag='001'>3601073</controlfield><controlfield tag='005'>20151214182757.0</controlfield><controlfield tag='007'>ss|lmnjluz|nuu</controlfield><controlfield tag='008'>991101s1984    nyunnn         l    eng d</controlfield><datafield ind1=' ' ind2=' ' tag='035'><subfield code='a'>(NIC)notisASF8138</subfield></datafield><datafield ind1=' ' ind2=' ' tag='035'><subfield code='a'>3601073</subfield></datafield><datafield ind1=' ' ind2=' ' tag='035'><subfield code='a'>(OCoLC)63897014</subfield></datafield><datafield ind1=' ' ind2=' ' tag='040'><subfield code='a'>NIC</subfield><subfield code='c'>NIC</subfield><subfield code='d'>NIC</subfield><subfield code='d'>NIC</subfield></datafield><datafield ind1='1' ind2=' ' tag='100'><subfield code='a'>Goodstein, David B.,</subfield><subfield code='d'>1932-</subfield></datafield><datafield ind1='1' ind2='0' tag='245'><subfield code='a'>Can social change be achieved through the United States&apos; political system?</subfield><subfield code='h'>[sound recording]</subfield></datafield><datafield ind1=' ' ind2=' ' tag='260'><subfield code='c'>1984.</subfield></datafield><datafield ind1=' ' ind2=' ' tag='300'><subfield code='a'>1 sound cassette (60 min.) :</subfield><subfield code='b'>analog, mono.</subfield></datafield><datafield ind1=' ' ind2=' ' tag='500'><subfield code='a'>Recorded in Ithaca, NY by Cornell University.</subfield></datafield><datafield ind1=' ' ind2=' ' tag='518'><subfield code='a'>Lecture, October 30, 1984.</subfield></datafield><datafield ind1=' ' ind2=' ' tag='520'><subfield code='a'>Goodstein discusses social change which has occurred during the past 20 years and its implications for the U.S. political system.</subfield></datafield><datafield ind1=' ' ind2='0' tag='650'><subfield code='a'>Politics, Practical.</subfield></datafield><datafield ind1=' ' ind2='0' tag='650'><subfield code='a'>Social change.</subfield></datafield><datafield ind1=' ' ind2='0' tag='651'><subfield code='a'>United States</subfield><subfield code='x'>Politics and government.</subfield></datafield><datafield ind1=' ' ind2='7' tag='650'><subfield code='a'>Political science</subfield><subfield code='2'>fast</subfield><subfield code='0'>(OCoLC)fst01069781</subfield></datafield><datafield ind1=' ' ind2='7' tag='650'><subfield code='a'>Politics, Practical</subfield><subfield code='2'>fast</subfield><subfield code='0'>(OCoLC)fst01069977</subfield></datafield><datafield ind1=' ' ind2='7' tag='650'><subfield code='a'>Social change</subfield><subfield code='2'>fast</subfield><subfield code='0'>(OCoLC)fst01122310</subfield></datafield><datafield ind1=' ' ind2='7' tag='651'><subfield code='a'>United States</subfield><subfield code='2'>fast</subfield><subfield code='0'>(OCoLC)fst01204155</subfield></datafield><datafield ind1='1' ind2=' ' tag='899'><subfield code='a'>CULectures</subfield></datafield><datafield ind1=' ' ind2=' ' tag='905'><subfield code='a'>20000214120000.0</subfield></datafield><datafield ind1='2' ind2=' ' tag='948'><subfield code='a'>20141221</subfield><subfield code='b'>m</subfield><subfield code='d'>batch</subfield><subfield code='e'>lts</subfield><subfield code='x'>addfast</subfield></datafield></record>